%%% added by miyen
@string{ieeetkde = "IEEE Trans. on Knowledge and Data Engineering"}
@string{vldb = "Proc. of Int. Conf. on Very Large Data Bases"}
@string{icdm = "Proc. of IEEE Int. Conf. on Data Mining"}
@string{icde = "Proc. of IEEE Int. Conf. on Data Engineering"}
@string{sdm = "Proc. of SAM Int. Conf. on Data Mining"}
@string{sigkdd = "Proc. of ACM SIGKDD Int. Conf. on Knowledge Discovery and Data Mining"}
@string{sigmod = "Proc. of ACM SIGMOD Int. Conf. on Management of Data"}
@string{cikm="Proc. of ACM Int. Conf. on Information and Knowledge Management"}
@string{pods = "Proc. of ACM Symp. on Principles of Database Systems"}
@string{mdm = "Proc. of IEEE Int. Conf. on Mobile Data Management"}
@string{podc = "Proc. of Symp. on Principles of Distributed Computing"}
@string{edbt = "Proc. of Int. Conf. on Extending Database Technology"}
@string{ideas = "Proc. of IEEE Int. Database Engineering and Applications Symp"}
@string{dexa="Proc. of Int. Conf. on Database and Expert Systems Applications"}
@string{mobiquitous="Proc. of IEEE Int. Conf. on Mobile and Ubiquitous Systems: Networking and Services"}
@string{cec = "Proc. of IEEE Int. Conf. on E-Commerce"}
@string{cidr ="Proc. of Innovative Data Systems Research"}
@string{ipdps = "Proc. of IEEE Int. Parallel and Distributed Processing Symposium"}
@string{sstd = "Proc. of Int. Symp. on Spatial and Temporal Databases"}

@string{vldb = "Proc. of VLDB"}
@string{icdm = "Proc. of IEEE ICDM"}
@string{icde = "Proc. of IEEE ICDE"}
@string{sigmod = "Proc. of ACM SIGMOD"}
@string{pods = "Proc. of ACM PODS"}
@string{sdm = "Proc. of SIAM Data Mining"}
@string{sigkdd = "Proc. of ACM SIGKDD"}
@string{cikm = "Proc. of ACM CIKM"}
@string{mdm = "Proc. of IEEE MDM"}
@string{ieeetkde = "IEEE TKDE"}
@string{podc = "Proc. of PODC"}
@string{edbt = "Proc. of EDBT"}
@string{dexa = "Proc. of DEXA"}
@string{ideas = "Proc. of IDEAS"}
@string{mobiquitous = "Proc. of IEEE MobiQuitous"}
@string{cec = "Proc. of IEEE CEC"}
@string{infocom = "Proc. of IEEE INFOCOM"}
@string{cidr = "Proc. of CIDR"}
@string{ipdps = "Proc. of IPDPS"}
@string{sstd = "Proc. of SSTD"}
%%%%%%%%%%%%%%%%end of string definition%%%%%%%%%%%%%%%%%%%%%%%%%%




@INPROCEEDINGS{clark:pct,
	AUTHOR = "Malcolm Clark",
	TITLE = "Post Congress Tristesse",
	BOOKTITLE = "TeX90 Conference Proceedings",
	PAGES = "84-89",
	ORGANIZATION = "TeX Users Group",
	MONTH = "March", 
	YEAR = {1991}	}


@INPROCEEDINGS{Kim99afast,
    author = {Sun Kim and Yanggon Kim},
    title = {A Fast Multiple String-Pattern Matching Algorithm},
    booktitle = {Proc. of 17th AoM/IAoM Conference on Computer Science},
    year = {1999}
}

@article{Kandhan:2010:SFS,
 author = {Kandhan, Ramakrishnan and Teletia, Nikhil and Patel, Jignesh M.},
 title = {SigMatch: fast and scalable multi-pattern matching},
 journal = {Proc. VLDB Endow.},
 issue_date = {September 2010},
 volume = {3},
 number = {1-2},
 month2 = sep,
 year = {2010},
 issn2 = {2150-8097},
 pages2 = {1173--1184},
 numpages2 = {12}
} 


@inproceedings{daSilva:2007:PPP,
 author = {da Silva, Josenildo Costa and Klusch, Matthias},
 title = {Privacy Preserving Pattern Discovery in Distributed Time Series},
 booktitle = {Proc. of IEEE ICDE Workshop},
 series1 = {ICDEW '07},
 year = {2007},
 isbn = {978-1-4244-0831-3},
 pages1 = {207--214}
} 


@INPROCEEDINGS{Singh:privacy,
AUTHOR = "Lisa Singh and Mehmet Sayal",
TITLE = "Privacy Preserving Burst Detection of Distributed Time Series Data Using Linear Transforms",
BOOKTITLE = "Proc. of IEEE CIDM",
PAGES1 = {646-653},
YEAR = {2007}
}

@inproceedings{Rastogi:2010:DPA,
 author = {Rastogi, Vibhor and Nath, Suman},
 title = {Differentially private aggregation of distributed time-series with transformation and encryption},
 booktitle = sigmod,
 series1 = {SIGMOD '10},
 year = {2010},
 pages1 = {735--746},
 numpages = {12}
} 

	
@inproceedings{Guralnik:1999:EDT,
 author = {Guralnik, Valery and Srivastava, Jaideep},
 title = {Event detection from time series data},
 booktitle = {Proceedings of the fifth ACM SIGKDD international conference on Knowledge discovery and data mining},
 series = {KDD '99},
 year = {1999},
 isbn = {1-58113-143-7},
 location = {San Diego, California, USA},
 pages = {33--42},
 numpages = {10},
 } 
 
@misc{inteldata,
 title = {Intel Lab Data},
 year = {},
 note={\url{http://berkeley.intel-research.net/labdata/}}
 }

@misc{M2M_wiki,
 title = {Machine to Machine},
 year = {},
 note={\url{http://en.wikipedia.org/wiki/Machine_to_machine}}
 } 
 
 
 @article{Yeh:2008:LLD,
 author = {Yeh, Mi-Yen and Wu, Kun-Lung and Yu, Philip S. and Chen, Ming-Syan},
 title = {\textsc{LeeWave}: level-wise distribution of wavelet coefficients for processing $k$NN queries over distributed streams},
 journal = {Proc. VLDB Endow.},
 issue_date = {August 2008},
 volume = {1},
 number = {1},
 month1 = aug,
 year = {2008},
 issn = {2150-8097},
 pages1 = {586--597},
 numpages = {12},
 publisher = {VLDB Endowment},
}

@inproceedings{Rakthanmanon:2012:SMT,
 author = {Rakthanmanon, Thanawin and Campana, Bilson and Mueen, Abdullah and Batista, Gustavo and Westover, Brandon and Zhu, Qiang and Zakaria, Jesin and Keogh, Eamonn},
 title = {Searching and mining trillions of time series subsequences under dynamic time warping},
 booktitle = sigkdd,
 series2 = {KDD '12},
 year = {2012},
 isbn2 = {978-1-4503-1462-6},
 location2 = {Beijing, China},
 pages2 = {262--270},
 numpages2 = {9},
 url2 = {http://doi.acm.org/10.1145/2339530.2339576},
 doi2 = {10.1145/2339530.2339576},
 acmid2 = {2339576},
 publisher2 = {ACM},
 address2 = {New York, NY, USA},
 keywords2 = {lower bounds, similarity search, time series},
} 
 


@inproceedings{Kashyap:2011:SKS,
 author = {Kashyap, Shrikant and Karras, Panagiotis},
 title = {Scalable kNN search on vertically stored time series},
 booktitle = sigkdd,
 series1 = {KDD '11},
 year = {2011},
 isbn = {978-1-4503-0813-7},
 location = {San Diego, California, USA},
 pages1 = {1334--1342},
 numpages = {9}
} 

 @inproceedings{MAN05FIN,
   AUTHOR =   {Amit Manjhi and Vladislav Shkapenyuk and Kedar Dhamdhere and Christopher Olston},
   TITLE =   {Finding (Recently) Frequent Items in Distributed Data Streams}, 
   BOOKTITLE =   icde,
   YEAR = {2005}
}

@inproceedings{MIC05KLE,
   AUTHOR =   {Sebastian Michel and Peter Triantafillou and Gerhard Weikum},
   TITLE =   {KLEE: A Framework for Distributed Top-k Query Algorithms}, 
   BOOKTITLE =   vldb,
   YEAR = {2005}
}

@inproceedings{HUN06EFF,
   AUTHOR =   {Hao-Ping Hung and Ming-Syan Chen},
   TITLE =   {Efficient range-constrained similarity search on wavelet synopses over multiple streams}, 
   BOOKTITLE =   cikm,
   YEAR = {2006}
}

@inproceedings{BUL05DIS,
   AUTHOR =   {Ahmet Bulut and Roman Vitenberg and Ambuj K. Singh},
   TITLE =   {Distributed Data Streams indexing using Content-based Routing Paradigm}, 
   BOOKTITLE =   ipdps,
   YEAR = {2005}
}

@inproceedings{LIN04ITE,
   AUTHOR =   {Jessica Lin and Michail Vlachos and Eamonn J. Keogh and Dimitrios Gunopulos},
   TITLE =   {Iterative Incremental Clustering of Time Series}, 
   BOOKTITLE =   edbt,
   YEAR = {2004}
}  

@inproceedings{SHA06AGE,
   AUTHOR =   {Izchak Sharfman and Assaf Schuster and Daniel Keren},
   TITLE =   {A Geometric Approach to Monitoring Threshold Functions Over Distributed Data Streams}, 
   BOOKTITLE =   sigmod,
   YEAR = {2006}
} 

@inproceedings{MAT98WAV,
	AUTHOR = {Yossi Matias and Jeffrey Scott Vitter and Min Wang},
	TITLE = {Wavelet-based histograms for selectivity estimation},
	BOOKTITLE = sigmod,
	YEAR = {1998}	
}

@Article{GIL03ONE,
	AUTHOR = {Anna C. Gilbert and Yannis Kotidis and S. Muthukrishnan and Martin J. Strauss},
	TITLE = {One-Pass Wavelet Decompositions of Data Streams},
	JOURNAL = ieeetkde,
	VOLUME = {15},
	NUMBER = {3},
	PAGES = {541-554},
	YEAR = {2003}
 }
 
@inproceedings{GAO02EVA,
	author = {Like Gao and Zhengrong Yao and X. Sean Wang},
	title = {Evaluating continuous nearest neighbor queries for streaming time series via pre-fetching},
	booktitle = cikm,
	year = {2002}
 }

@inproceedings{LIU03EFF,
	author = {Xiaoyan Liu and Hakan Ferhatosmanoglu},
	title = {Efficient $k$-{NN} Search on Streaming Data Series},
	booktitle = sstd, 	
	year = {2003}
}

@inproceedings{KOU04APP,
	author = {Nick Koudas and Beng Chin Ooi and Kian-Lee Tan and Rui Zhang},
	title = {Approximate {NN} queries on streams with guaranteed error/performance bounds},
	booktitle = vldb,
	year = {2004}
}

@inproceedings{UTK04FLE,
	author = {Utkarsh Srivastava and Jennifer Widom},
	title = {Flexible time management in data stream systems},
	booktitle = pods,
	year = {2004}
}

@inproceedings{HWA05HIG,
	author = {Jeong-Hyon Hwang and Magdalena Balazinska and Alexander Rasin and Ugur Cetintemel and Mike Stonebraker and Stan Zdonik},
	title = {High-Availability Algorithms for Distributed Stream Processing},
	booktitle =  icde,
	year = {2005}
}

@inproceedings{BAL05FAU,
	AUTHOR = {Magdalena Balazinska and Hari Balakrishnan and Samuel Madden and Michael Stonebraker},
	TITLE = {Fault-tolerance in the Borealis distributed stream processing system},
	BOOKTITLE = sigmod,
	YEAR = {2005}
 }
 
@inproceedings{MOU05CON,
	author = {Kyriakos Mouratidis and Dimitris Papadias and Marios Hadjieleftheriou},
	title = {Conceptual partitioning: an efficient method for continuous nearest neighbor monitoring},
	booktile = sigmod,
	year = {2005}
 }

 
@Article{HAA05ZUR,
	author = {Alfred Haar},
	title = {Zur Theorie der orthogonalen Funktionensysteme},
	journal = {Mathematische Annalen},
	volume = {69},
	year = {1910}
} 
 
@inproceedings{KAR05ONE,
 author = {Panagiotis Karras and Nikos Mamoulis},
 title = {One-pass wavelet synopses for maximum-error metrics},
 booktitle = vldb,
 year = {2005}
 }

@inproceedings{GUH05WAV,
 author = {Sudipto Guha and Boulos Harb},
 title = {Wavelet synopsis for data streams: minimizing non-euclidean error},
 booktitle = sigkdd,
 year = {2005}
 }
 
@inproceedings{COR06FAS,
 author = {Graham Cormode and Minos Garofalakis and Dimitris Sacharidis},
 title = {Fast Approximate Wavelet Tracking on Streams},
 booktitle = edbt,
 year = {2006}
 }

@inproceedings{HAM05HOL,
 author = {Graham Cormode and Minos Garofalakis and S. Muthukrishnan and Rajeev Rastogi},
 title = {Holistic aggregates in a networked world: distributed tracking of approximate quantiles},
 booktitle = sigmod,
 year = {2005}
 }

@inproceedings{COR06WHA,
 author = {Graham Cormode and S. Muthukrishnan and Wei Zhuang},
 title = {What's Different: Distributed, Continuous Monitoring of Duplicate-Resilient Aggregates on Data Streams},
 booktitle = icde,
 year = {2006}
 }
 
@inproceedings{MAN05TRI,
 author = {Amit Manjhi and Suman Nath and Phillip B. Gibbons},
 title = {Tributaries and deltas: efficient and robust aggregation in sensor network streams},
 booktitle = sigmod,
 year = {2005}
 }

@inproceedings{OLS03ADA,
 author = {Chris Olston and Jing Jiang and Jennifer Widom},
 title = {Adaptive filters for continuous queries over distributed data streams},
 booktitle = sigmod,
 year = {2003}
 }

@article{STREAM,
 author     = "A. Arasu and B. Babcock and S. Babu and M. Datar and K. Ito and R. Motwani and I. Nishizawa and U. Srivastava and D. Thomas and R. Varma and J. Widom", 
 title      = "{STREAM}: The {S}tanford Stream Data Manager", 
 journal    = "{IEEE} Data Engineering Bulletin", 
 volume     = "26",
 no         = "1",  
 year       = "2003" 
}

@article{Aurora,
 author    = "H. Balakrishnan and M. Balazinska and D. Carney and U. Cetintemel and M. Cherniack and C. Convey and E. Galvez and J. Salz and M. Stonebraker and N. Tatbul and R. Tibbetts and S. Zdonik",
 title     = "Retrospective on {A}urora", 
 journal   = "{VLDB} Journal", 
 year      = "2004"  
}

@inproceedings{Telegraph,
 author 		= "Sirish Chandrasekaran and Owen Cooper and Amol Deshpande and Michael J. Franklin and Joseph M. Hellerstein and Wei Hong and Sailesh Krishnamurthy and Samuel R. Madden and Vijayshankar Raman and Fred Reiss and Mehul A. Shah",
 title 			= "Telegraph{CQ}: Continuous Dataflow Processing for an Uncertain World",
 booktitle = cidr,
 year      = "2003"
}

@inproceedings{Borealis,
 author 		= "Daniel J. Abadi and Yanif Ahmad and Magdalena Balazinska and Ugur Cetintemel and Mitch Cherniack and Jeong-Hyon Hwang and Wolfgang Lindner and Anurag S. Maskey and Alexander Rasin and Esther Ryvkina and Nesime Tatbul and Ying Xing and Stan Zdonik",
 title 		  = "The Design of the {B}orealis Stream Processing Engine",
 booktitle  = cidr,
 year       = "2005"
}


@inproceedings{XStream,
 author 		= "Lewis Girod and Yuan Mei and Ryan Newton and Stanislav Rost and Arvind Thiagarajan and Hari Balakrishnan and Samuel Madden",
 title 		  = "{XS}tream: A Signal-Oriented Data Stream Management System",
 booktitle  = icde,
 year       = "2008"
}


@misc{StreamBase,
  key           = "streambase",
  title         = "{StreamBase} {Systems}",
  howpublished  = "http://www.streambase.com/",
  year          = "2007",
  month         = "May"
}

@Inproceedings{jain06,
	author = {N. Jain and L. Amini and H. Andrade and R. King and Y. Park and P. Selo and C. Venkatramani},
	title  ={Design, Implementation and Evaluation of the Linear Road Benchmark on the Stream Processing Core},
	year = {2006},
	booktitle = sigmod
}

@inproceedings{wuyu07a,
   author = {K.-L. Wu and P. S. Yu and B. Gedik and K. W. Hildrum and C. C. Aggarwal and E. Bouillet and
W. Fan and D. A. George and X. Gu and G. Luo and H. Wang},
	 title = {Challenges and Experience in Prototyping a Multi-Modal Stream Analytic and 
Monitoring Application on System {S}},
	 booktitle = vldb,
	 year = "Sept. 2007"
   }

@inproceedings{ALB99COM,
  author = {M. G. Albanesi and M. Ferretti and A. Giancane},
  title = {A Compact Wavelet Index for Retrieval in Image Database},
  booktitle = {Proc. of IEEE Int. Conf. on Image Analysis and Processing},
  year = 1999
  }
  
@article{CHA03HAA,
 author = {Franky Kin-Pong Chan and Ada Wai-Chee Fu and Clement Yu},
 title = {Haar Wavelets for Efficient Similarity Search of Time-Series: With and Without Time Warping},
 journal = ieeetkde,
 volume = {15},
 number = {3},
 year = {2003},
 pages = {686-705}
 }
 
@inproceedings{ZHU02STA,
 author = {Yunyue Zhu and Dennis Shasha},
 title = {StatStream: statistical monitoring of thousands of data streams in real time},
 booktitle = vldb,
 year = {2002}
 }
 
 
@book{STE04CAU,
 author = {J. Michael Steele},
 title = {The Cauchy-Schwarz Master Class: An Introduction to the Art of Mathematical Inequalities},
 year = {2004},
 publisher = {Cambridge University Press},
 address = {New York, NY, USA},
 }

@article{Dai06ADA,
author = {Bi-Ru Dai and Jen-Wei Huang and Mi-Yen Yeh and Ming-Syan Chen},
title = {Adaptive Clustering for Multiple Evolving Streams},
journal = ieeetkde,
volume = {18},
number = {9},
year = {2006},
pages = {1166-1180}
}

@inproceedings{TEN04RES,
  author    = {Wei-Guang Teng and Ming-Syan Chen and Philip S. Yu},
  title     = {Resource-Aware Mining with Variable Granularities in Data Streams},
  booktitle = sdm,
  year      = {2004}
}

@inproceedings{BUL03SWA,
  author    = {Ahmet Bulut and Ambuj K. Singh},
  title     = {{SWAT}: Hierarchical Stream Summarization in Large Networks},
  booktitle = icde,
  year      = {2003}
}

@inproceedings{ZHU03EFF,
 author = {Yunyue Zhu and Dennis Shasha},
 title = {Efficient elastic burst detection in data streams},
 booktitle = sigkdd,
 year = {2003}
 }

@inproceedings{POP02SIM,
 author = {Ivan Popivanov and Renee J. Miller},
 title = {Similarity Search Over Time-Series Data Using Wavelets},
 booktitle = icde,
 year = {2002}
 }

@book{PER06WAV,
 author = {Donald B. Percival and Andrew T. Walden},
 title = {Wavelet Methods for Time Series Analysis},
 year = {2006},
 publisher = {Cambridge University Press}
 }
 
 @article{LIA02IMP,
 author = {I. Liabotis and B. Theodoulidis and M. Saraaee},
 title = {Improving Similarity Search in Time Series Using Wavelets},
 journal = {Journal of Data Warehousing and Mining},
 year = {2006},
 volume = {2},
 pages = {55-81}
 }
 
 @article{PAP01DPS,
 author = {A. N. Papadopoulos and Y. Manolopoulos},
 title = {Distributed Processing of Similarity Queries},
 journal = {Distributed and Parallel Databases},
 year = {2001},
 volume = {9},
 pages1 = {67-92}
 }
 
@inproceedings{WU07DPO,
   AUTHOR =   {Wei Wu and Wenyuan Guo and Kian-Lee Tan},
   TITLE =   {Distributed Processing of Moving K-Nearest-Neighbor Query on Moving Objects}, 
   BOOKTITLE =   icde,
   YEAR = {2007}
}


@inproceedings{YU05MKN,
  author    = {Xiaohui Yu and Ken Q. Pu and Nick Koudas},
  title     = {Monitoring K-Nearest Neighbor Queries Over Moving Objects},
  booktitle = icde,
  year      = {2005}
}

@inproceedings{SON01MKN,
  author    = {Z. Song and N. Roussopoulos},
  title     = {K-nearest Neighbor Search for Moving Query Point},
  booktitle = {Int'l Symp. Spatial and Temporal Databases},
  year      = {2001}
}

@inproceedings{XIO05SEA,
 author = {Xiaopeng Xiong and Mohamed F. Mokbel and Walid G. Aref},
 title = {SEA-CNN: Scalable Processing of Continuous K-Nearest Neighbor Queries in Spatio-temporal Databases},
 booktitle = icde,
 year = {2005}
 }

@inproceedings{BAB03DTK,
 author = {B. Babcock and C. Olston},
 title = {Distributed Top-K Monitoring},
 booktitle = sigmod,
 year = {2003}
 }
 
 @inproceedings{379504,
 author = {Clement Yu and Prasoon Sharma and Weiyi Meng and Yan Qin},
 title = {Database selection for processing k nearest neighbors queries in distributed environments},
 booktitle = {ACM/IEEE-CS joint conference on Digital libraries},
 year = {2001}
 }

@inproceedings{CHI98MUL,
 author = {Tzi-Cker Chiueh and Allen Ballman and Kevin Kreeger},
 title = {Multi-resolution indexing for shape images},
 booktitle = cikm,
 year = {1998}
 }
